<?xml version="1.0" encoding="UTF-8"?><collection><record><leader>02341ntm a2200337 a 4500</leader><controlfield tag="001">002641744</controlfield><controlfield tag="003">MiAaHDL</controlfield><controlfield tag="005">20190719000000.0</controlfield><controlfield tag="006">m        d        </controlfield><controlfield tag="007">cr bn ---auaua</controlfield><controlfield tag="008">930712s1454    xx            00| | ara d</controlfield><datafield tag="035" ind1=" " ind2=" "><subfield code="a">(MiU)002641744</subfield></datafield><datafield tag="035" ind1=" " ind2=" "><subfield code="a">sdr-miu002641744</subfield></datafield><datafield tag="035" ind1=" " ind2=" "><subfield code="a">(OCoLC)34366835</subfield></datafield><datafield tag="035" ind1=" " ind2=" "><subfield code="a">(RLIN)MIUH93-A214</subfield></datafield><datafield tag="040" ind1=" " ind2=" "><subfield code="a">MiU</subfield><subfield code="c">MiU</subfield><subfield code="e">appm</subfield></datafield><datafield tag="245" ind1="0" ind2="0"><subfield code="6">880-01</subfield><subfield code="a">Kitāb sharḥ al-mawāqif :</subfield><subfield code="k">manuscript,</subfield><subfield code="f">[1454].</subfield></datafield><datafield tag="300" ind1=" " ind2=" "><subfield code="a">1</subfield><subfield code="f">v. ([846] p.) ;</subfield><subfield code="c">19 cm</subfield></datafield><datafield tag="500" ind1=" " ind2=" "><subfield code="a">On p. [10], illuminated ʻunwān; text rubricated and enclosed in gold borders; marginal commentaries in hand of copyist; on pp. [5-8], table of contents supplied in another hand; vol. has edge title.</subfield></datafield><datafield tag="500" ind1=" " ind2=" "><subfield code="a">Dates of composition and copying, provenances, and copyist's name in colophon: waqaʻa al-farāgh min taʼlīfihi yawm al-sabt qarīb al-ʻaṣr min awāʼil Shawwāl sanat sabaʻ wa-thamānīmiʼah [i.e. April 1405] ...[?]... Samarqand ... wa-qad waqaʻa al-farāgh min tanmīqihi qurb al-ḍuḥá min thalath ʻashar al-Ṣafar ... sanat thamān wa-khamsīn wa-thamānimiʼah [i.e. 12 February 1454] fī baladat Shīrāz ... ʻalá yad ... Muḥamamd ibn Muḥammad al-Ṭ[?].</subfield></datafield><datafield tag="520" ind1=" " ind2=" "><subfield code="a">"al-Mawāqif fī ʻilm al-kalām, a theological work, by ʻAḍud al-Dīn ʻAbd al-Raḥmān ibn Aḥmad al-Ījī with running commentary by some unnamed person. Many commentaries exist." Cataloging by William Hoyt Worrell, 1925.</subfield></datafield><datafield tag="538" ind1=" " ind2=" "><subfield code="a">Mode of access: Internet.</subfield></datafield><datafield tag="541" ind1=" " ind2=" "><subfield code="d">1924</subfield><subfield code="3">Manuscript</subfield><subfield code="a">Anonymous</subfield><subfield code="c">Purchase, 1924</subfield><subfield code="h">$50.00</subfield></datafield><datafield tag="561" ind1=" " ind2=" "><subfield code="a">Purchased in Cairo, 1924. Owners' marks: on pp. [1-3], lines of poetry; on p. [3], date: 1253 [i.e. 1837 or 8]. Once part of the personal manuscript collection of Sultan Abdülhamid II of Turkey.</subfield></datafield><datafield tag="600" ind1="1" ind2="0"><subfield code="6">880-02</subfield><subfield code="a">Ījī, ʻAḍud al-Dīn ʻAbd al-Raḥmān ibn Aḥmad,</subfield><subfield code="d">-1355?</subfield><subfield code="t">Mawāqif fī ʻilm al-kalām</subfield></datafield><datafield tag="650" ind1=" " ind2="0"><subfield code="a">Islam</subfield><subfield code="x">Doctrines</subfield><subfield code="v">Early works to 1800.</subfield></datafield><datafield tag="650" ind1=" " ind2="0"><subfield code="a">Manuscripts, Arabic</subfield><subfield code="z">Michigan</subfield><subfield code="z">Ann Arbor.</subfield></datafield><datafield tag="700" ind1="0" ind2=" "><subfield code="a">Abdülhamid</subfield><subfield code="b">II,</subfield><subfield code="c">Sultan of the Turks,</subfield><subfield code="d">1842-1918,</subfield><subfield code="e">former owner.</subfield></datafield><datafield tag="773" ind1="0" ind2=" "><subfield code="7">unbc</subfield><subfield code="a">Abdul Hamid Collection.</subfield><subfield code="w">(CStRLIN)MIUH93-A187.</subfield></datafield><datafield tag="880" ind1="1" ind2="4"><subfield code="6">600-02/</subfield><subfield code="a">عضد الدين عبد الرحمن بن أحمد الإيجي.</subfield><subfield code="t">مواقف.</subfield></datafield><datafield tag="880" ind1="0" ind2="0"><subfield code="6">245-01/</subfield><subfield code="a">كتاب شرح المواقف :</subfield><subfield code="k">manuscript،</subfield><subfield code="f">[1454].</subfield></datafield><datafield tag="CID" ind1=" " ind2=" "><subfield code="a">002641744</subfield></datafield><datafield tag="DAT" ind1="0" ind2=" "><subfield code="a">20190719102633.0</subfield><subfield code="b">20190719000000.0</subfield></datafield><datafield tag="DAT" ind1="1" ind2=" "><subfield code="a">20190719090653.0</subfield><subfield code="b">2019-07-19T16:10:47Z</subfield></datafield><datafield tag="DAT" ind1="2" ind2=" "><subfield code="a">2015-10-10T18:00:06Z</subfield></datafield><datafield tag="CAT" ind1=" " ind2=" "><subfield code="a">SDR-MIU</subfield><subfield code="d">EX LIBRIS - ALEPH</subfield><subfield code="l">prepare.pl-004-008</subfield></datafield><datafield tag="FMT" ind1=" " ind2=" "><subfield code="a">BK</subfield></datafield><datafield tag="HOL" ind1=" " ind2=" "><subfield code="0">sdr-miu002641744</subfield><subfield code="a">MiU</subfield><subfield code="b">SDR</subfield><subfield code="c">MIU</subfield><subfield code="p">mdp.39015081446224</subfield><subfield code="s">MIU</subfield><subfield code="1">002641744</subfield></datafield><datafield tag="974" ind1=" " ind2=" "><subfield code="b">MIU</subfield><subfield code="c">MIU</subfield><subfield code="d">20190719</subfield><subfield code="s">lit-dlps-dc</subfield><subfield code="u">mdp.39015081446224</subfield><subfield code="y">1454</subfield><subfield code="r">pd</subfield><subfield code="q">bib</subfield><subfield code="t">non-US bib date1 &lt; 1879</subfield></datafield></record></collection>